<?xml version="1.0" encoding="UTF-8"?><collection><record><leader>08298ntm a2200757 a 4500</leader><controlfield tag="001">006822141</controlfield><controlfield tag="003">MiAaHDL</controlfield><controlfield tag="005">20190719000000.0</controlfield><controlfield tag="006">m        d        </controlfield><controlfield tag="007">cr bn ---auaua</controlfield><controlfield tag="008">090623s1848    xx            00| ||ota d</controlfield><datafield tag="035" ind1=" " ind2=" "><subfield code="a">(MiU)006822141</subfield></datafield><datafield tag="035" ind1=" " ind2=" "><subfield code="a">sdr-miu006822141</subfield></datafield><datafield tag="040" ind1=" " ind2=" "><subfield code="a">MiU</subfield><subfield code="c">MiU</subfield><subfield code="e">amremm</subfield></datafield><datafield tag="041" ind1="0" ind2=" "><subfield code="a">ota</subfield></datafield><datafield tag="043" ind1=" " ind2=" "><subfield code="a">n-us-mi</subfield></datafield><datafield tag="100" ind1="0" ind2=" "><subfield code="6">880-05</subfield><subfield code="a">Lâmiî Çelebi,</subfield><subfield code="d">1472-1532.</subfield></datafield><datafield tag="240" ind1="1" ind2="0"><subfield code="6">880-02</subfield><subfield code="a">Futūḥ al-mujāhidīn li-tarwīḥ qulūb al-mushāhidīn</subfield></datafield><datafield tag="245" ind1="1" ind2="0"><subfield code="6">880-03</subfield><subfield code="a">Nefehat-i üns-i Lâmiî,</subfield><subfield code="f">[1264, i.e. 1848].</subfield></datafield><datafield tag="246" ind1="3" ind2=" "><subfield code="i">Title from headpiece at opening of table of contents (p.4):</subfield><subfield code="a">نفحات انس لامعى</subfield></datafield><datafield tag="246" ind1="3" ind2=" "><subfield code="a">Terceme-i Nefehat ül-üns</subfield></datafield><datafield tag="246" ind1="3" ind2=" "><subfield code="a">Tercüme-yi Nefehatü'l-üns</subfield></datafield><datafield tag="246" ind1="3" ind2=" "><subfield code="a">ترجمۀ نفحات الانس</subfield></datafield><datafield tag="246" ind1="3" ind2=" "><subfield code="a">Futûhu'l-mücâhidîn li-tervîhi kulûbi'l-müşâhidîn</subfield></datafield><datafield tag="246" ind1="3" ind2=" "><subfield code="a">Fütûhü'l-mücâhidîn li-tervîhi kulûbi'l-müşâhidîn</subfield></datafield><datafield tag="246" ind1="3" ind2=" "><subfield code="6">880-05</subfield><subfield code="a">Futūḥ al-mushāhidīn li-tarwīḥ qulūb al-mujāhidīn</subfield></datafield><datafield tag="246" ind1="3" ind2=" "><subfield code="6">880-05</subfield><subfield code="a">Fütûhü'l-müşâhidîn li-tervihi kulûbi'l-mücâhidîn</subfield></datafield><datafield tag="260" ind1=" " ind2=" "><subfield code="c">[1848].</subfield></datafield><datafield tag="300" ind1=" " ind2=" "><subfield code="a">382 leaves :</subfield><subfield code="b">paper ;</subfield><subfield code="c">248 x 140 (175 x 73) mm.</subfield></datafield><datafield tag="500" ind1=" " ind2=" "><subfield code="a">Shelfmark: Ann Arbor, University of Michigan, Special Collections Library, Isl. Ms. 388</subfield></datafield><datafield tag="500" ind1=" " ind2=" "><subfield code="a">Origin: As appears in colophon on p.761, transcription completed ("wa-kāna al-farāgh min taḥrīr al-nuskhah al-sharīfah al-mubārakah...") in the first part of Ṣafar 1264 [January 1848]. As appears in preceding authorial colophon (also on p.761), composition completed in Rajab 927 [June-July 1521].</subfield></datafield><datafield tag="500" ind1=" " ind2=" "><subfield code="a">Former shelfmark: "583 T. De M. [i.e. Tammaro De Marinis]" inscribed in pencil on verso of front flyleaf.</subfield></datafield><datafield tag="500" ind1=" " ind2=" "><subfield code="a">Binding: Boards covered in a dark maroon leather ; Type II binding (with flap), likely two-piece binding (seam of overlapping flanges visible at spine) ; pastedowns and flyleaves in a coated, textured (embossed with swirling vegetal design) paper in red with gold-painted borders ; upper and lower covers carry rectangular panel defined by gold borders (tooled and painted) with central painted ornament evoking a bowl or vase with flowers and leaves as well as cornerpieces in floral sprays, all in gold and green ; edges of text block gilt ; sewn in pink thread, two stations ; worked chevron endbands in yellow and blue, good condition ; overall in fairly good condition with minor abrasion at board edges, joint of fore edge flap, etc.</subfield></datafield><datafield tag="500" ind1=" " ind2=" "><subfield code="a">Support: non-European laid paper with roughly 8 laid lines per cm. (mainly horizontal, fairly indistinct, curved) and no chain lines plainly visible, cloudy formation, inclusions, dark beige to light brown in color, fairly transluscent and crisp though sturdy, highly sized and burnished to glossy.</subfield></datafield><datafield tag="500" ind1=" " ind2=" "><subfield code="a">Decoration: Illuminated headpiece (ʻunwān / sarlawḥ) at opening of table of contents (فهرست) on p.4, consisting of rectangular piece with gold cartouche (carrying the title and author in blue "فهرست نفحات انس لامعى") flanked by swirling vegetal motifs in blended green, yellow and white on a gold ground ; another fine illuminated headpiece (ʻunwān / sarlawḥ) at opening of text on p.40, consisting of a vaguely triangular shaped piece built up of vegetal forms in blended shades of dark green with gold cartouche (carrying the title and author in blue "نفحات انس لامعى") and sprays of flowers in pink, lavender, light blue, etc. ; written area surrounded by gold frame (much heavier on incipit and facing page, pp.40-41) defined by black fillets with outermost blue rule, divisions within table of contents and elsewhere (mainly to set off verses) defined by narrow gold bands outlined by black fillets ; section headings, key words, notabilia, some individual letters of words (mainly names) and some abbreviation symbols (mainly two-teeth stroke overlining keywords) rubricated ; textual dividers in the form of three dots, etc. in red ; overlining in red ; small circular diagram in margin of p.79 in blue, red and black ink, another diagram on p.616 in black and red.</subfield></datafield><datafield tag="500" ind1=" " ind2=" "><subfield code="a">Script: Naskh ; elegant, compact Turkish hand in a bold line ; partially but irregularly seriffed with right-sloping head-serifs on many ascenders, slight effect of tilt to the left and of words descending to baseline (occasionally more exaggerated), curvilinear descenders, many closed counters, pointing mainly in conjoined dots or strokes.</subfield></datafield><datafield tag="500" ind1=" " ind2=" "><subfield code="a">Layout: Written in 29 lines per page ; frame-ruled.</subfield></datafield><datafield tag="500" ind1=" " ind2=" "><subfield code="a">Collation: ii, V (10), IV (18), 36 V(378), II (382), ii ; almost exclusively quinions ; catchwords present ; pagination in red ink, Hindu-Arabic numerals (distinct for table of contents and main work) ; pagination in pencil, Western numerals, supplied during digitization (includes inner flyleaves and skips two pages between pp.293-294).</subfield></datafield><datafield tag="500" ind1=" " ind2=" "><subfield code="a">Colophon: "Scribal," triangular, reads "وصلى الله على سيدنا ونبينا محمد خير الانام وعلى آله الكرام واصحابه العظام وعلى ائمة اهل الاسلام ومن تبعهم الى يوم القيام وكان الفراغ من تحرير النسخة الشريفة المباركة سنه اربع وستين ومائتين والف في اوائل شهر صفر الخير في سنه ١٢٦٤"</subfield></datafield><datafield tag="500" ind1=" " ind2=" "><subfield code="a">Explicit: "ايرمه يوزك ايزلرندن لامعى كيم بونلرك كرچه كيم اشكال حقدر يكن انسان [؟] ايتديلر تاريخ ترجمه ... تاريخ عام طقوز يوز يكرمى ايدى [يدى] پس رجب آيى ايچنده اولدى تمام"</subfield></datafield><datafield tag="500" ind1=" " ind2=" "><subfield code="a">Incipit: "نحن نقص عليك احسن القصص بما اوحينا اليك هذا القرآن وان كنت من فبله لمن الغافلين ... افتتاح نفحات انفاس ارباب انس كه ..."</subfield></datafield><datafield tag="500" ind1=" " ind2=" "><subfield code="a">Title supplied by cataloguer.</subfield></datafield><datafield tag="500" ind1=" " ind2=" "><subfield code="a">Ms. codex.</subfield></datafield><datafield tag="510" ind1="4" ind2=" "><subfield code="a">فهرست نسخه هاي خطي ترکي کتابخانه آيت الله العظمي مرعشي، قم ـ ايران:</subfield><subfield code="c">جلد1، صفحه196-197</subfield></datafield><datafield tag="510" ind1="4" ind2=" "><subfield code="a">Fihrist-i nuskhah'hā-yi khaṭṭī-i turkī-yi Kitābkhānah-i buzurg-i Ḥaz̤rat Āyat Allāh al-ʻUẓmá Najafī Marʻashī (Qum, Iran):</subfield><subfield code="c">vol.1 pp.196-197</subfield></datafield><datafield tag="510" ind1="4" ind2=" "><subfield code="a">Alpay, G. K. Lāmiʻī Chelebi and his works. JNES, 35 2 (1976).</subfield><subfield code="c">pp.73-93</subfield></datafield><datafield tag="510" ind1="4" ind2=" "><subfield code="a">Brockelmann, C. GAL,</subfield><subfield code="c">I 433 ; II 207</subfield></datafield><datafield tag="520" ind1="8" ind2=" "><subfield code="a">Elegant copy of Lâmiî Çelebi's Turkish translation of Jāmī's celebrated collection of Ṣūfī biographies with the addition of more than thirty Anatolian saints and poets. Table of contents at opening (pp.4-37). Contribution to the cataloguing from Hossein Mottaghi.</subfield></datafield><datafield tag="538" ind1=" " ind2=" "><subfield code="a">Mode of access: Internet.</subfield></datafield><datafield tag="541" ind1=" " ind2=" "><subfield code="c">Purchase ;</subfield><subfield code="a">Acquired by purchase (funds donated by Horace Rackham).</subfield><subfield code="d">1924.</subfield></datafield><datafield tag="546" ind1=" " ind2=" "><subfield code="a">Ottoman Turkish.</subfield></datafield><datafield tag="561" ind1=" " ind2=" "><subfield code="a">Notabilia (side-heads, most rubricated), glosses (many منهيات, some in decorative geometric shapes, see p.53, etc.) and occasional corrections.</subfield></datafield><datafield tag="650" ind1=" " ind2="0"><subfield code="a">Manuscripts, Turkish</subfield><subfield code="z">Michigan</subfield><subfield code="z">Ann Arbor.</subfield></datafield><datafield tag="650" ind1=" " ind2="0"><subfield code="a">Muslim saints</subfield><subfield code="v">Biography</subfield><subfield code="v">Early works to 1800.</subfield></datafield><datafield tag="650" ind1=" " ind2="0"><subfield code="a">Sufis</subfield><subfield code="v">Biography</subfield><subfield code="v">Early works to 1800.</subfield></datafield><datafield tag="650" ind1=" " ind2="0"><subfield code="a">Sufism</subfield><subfield code="v">Biography</subfield><subfield code="v">Early works to 1800.</subfield></datafield><datafield tag="655" ind1=" " ind2="7"><subfield code="a">Headpieces (layout features)</subfield><subfield code="y">19th century.</subfield><subfield code="2">aat</subfield></datafield><datafield tag="700" ind1="0" ind2=" "><subfield code="a">Abdülhamid</subfield><subfield code="b">II,</subfield><subfield code="c">Sultan of the Turks,</subfield><subfield code="d">1842-1918,</subfield><subfield code="e">former owner.</subfield></datafield><datafield tag="700" ind1="0" ind2=" "><subfield code="6">880-01</subfield><subfield code="a">Jāmī,</subfield><subfield code="d">1414-1492.</subfield><subfield code="t">Nafaḥāt al-uns min ḥaḍarāt al-quds.</subfield><subfield code="l">Turkish.</subfield></datafield><datafield tag="773" ind1="0" ind2=" "><subfield code="a">Abdul Hamid Collection.</subfield></datafield><datafield tag="880" ind1="0" ind2=" "><subfield code="6">700-01/</subfield><subfield code="a">جامي.</subfield><subfield code="t">نفحات الانس من حضرات القدس.</subfield><subfield code="l">Turkish</subfield></datafield><datafield tag="880" ind1="3" ind2=" "><subfield code="6">246-05/</subfield><subfield code="a">Futûhu'l-müşâhidîn li-tervihi kulûbi'l-mücâhidîn</subfield></datafield><datafield tag="880" ind1="3" ind2=" "><subfield code="6">246-05/</subfield><subfield code="a">فتوح المشاهدين لترويح قلوب المجاهدين</subfield></datafield><datafield tag="880" ind1="1" ind2="0"><subfield code="6">245-03/</subfield><subfield code="a">نفحات انس لامعى,</subfield><subfield code="f">[1264ه، 1848م].</subfield></datafield><datafield tag="880" ind1="1" ind2="0"><subfield code="6">240-02/</subfield><subfield code="a">فتوح المجاهدين لترويح قلوب المشاهدين</subfield></datafield><datafield tag="880" ind1="0" ind2=" "><subfield code="6">100-05/</subfield><subfield code="a">لامعى چلبى محمود بن عثمان.</subfield></datafield><datafield tag="CID" ind1=" " ind2=" "><subfield code="a">006822141</subfield></datafield><datafield tag="DAT" ind1="0" ind2=" "><subfield code="a">20190719102640.0</subfield><subfield code="b">20190719000000.0</subfield></datafield><datafield tag="DAT" ind1="1" ind2=" "><subfield code="a">20190719090653.0</subfield><subfield code="b">2019-07-19T16:12:03Z</subfield></datafield><datafield tag="DAT" ind1="2" ind2=" "><subfield code="a">2015-10-10T18:00:06Z</subfield></datafield><datafield tag="CAT" ind1=" " ind2=" "><subfield code="a">SDR-MIU</subfield><subfield code="d">EX LIBRIS - ALEPH</subfield><subfield code="l">prepare.pl-004-008</subfield></datafield><datafield tag="FMT" ind1=" " ind2=" "><subfield code="a">BK</subfield></datafield><datafield tag="HOL" ind1=" " ind2=" "><subfield code="0">sdr-miu006822141</subfield><subfield code="a">MiU</subfield><subfield code="b">SDR</subfield><subfield code="c">MIU</subfield><subfield code="p">mdp.39015079130558</subfield><subfield code="s">MIU</subfield><subfield code="1">006822141</subfield></datafield><datafield tag="974" ind1=" " ind2=" "><subfield code="b">MIU</subfield><subfield code="c">MIU</subfield><subfield code="d">20190719</subfield><subfield code="s">lit-dlps-dc</subfield><subfield code="u">mdp.39015079130558</subfield><subfield code="y">1848</subfield><subfield code="r">pd</subfield><subfield code="q">bib</subfield><subfield code="t">non-US bib date1 &lt; 1879</subfield></datafield></record></collection>